<record><leader>00000cas a2200000 a 4500</leader><controlfield tag="001">11776005</controlfield><controlfield tag="008">850307d18891890ksuwr ne      0   a0eng d</controlfield><datafield ind1=" " ind2=" " tag="010"><subfield code="a">sn 85031161 </subfield></datafield><datafield ind1=" " ind2=" " tag="040"><subfield code="a">KSH</subfield><subfield code="b">eng</subfield><subfield code="c">KSH</subfield><subfield code="d">NPT</subfield><subfield code="d">OCL</subfield><subfield code="d">OCLCQ</subfield></datafield><datafield ind1=" " ind2=" " tag="042"><subfield code="a">msc</subfield></datafield><datafield ind1="0" ind2=" " tag="130"><subfield code="a">Burns monitor (Burns, Kan.)</subfield></datafield><datafield ind1="1" ind2="0" tag="245"><subfield code="a">Burns monitor.</subfield></datafield><datafield ind1=" " ind2=" " tag="260"><subfield code="a">Burns, Kan. :</subfield><subfield code="b">Worley &amp; Brumback,</subfield><subfield code="c">1889-</subfield></datafield><datafield ind1=" " ind2=" " tag="300"><subfield code="a">v. :</subfield><subfield code="b">ill. (chiefly advertisements) ;</subfield><subfield code="c">59 cm.</subfield></datafield><datafield ind1=" " ind2=" " tag="310"><subfield code="a">Weekly</subfield></datafield><datafield ind1="0" ind2=" " tag="362"><subfield code="a">Vol. 1, no. 1 (Nov. 1, 1889)-</subfield></datafield><datafield ind1="1" ind2=" " tag="362"><subfield code="a">Ceased with Aug. 29, 1890 issue?</subfield></datafield><datafield ind1=" " ind2=" " tag="500"><subfield code="a">Published by J.M. Worley, Feb. 14, 1890-</subfield></datafield><datafield ind1=" " ind2=" " tag="500"><subfield code="a">"Republican."</subfield></datafield><datafield ind1=" " ind2=" " tag="752"><subfield code="a">United States</subfield><subfield code="b">Kansas</subfield><subfield code="c">Marion</subfield><subfield code="d">Burns.</subfield></datafield><datafield ind1="0" ind2="0" tag="780"><subfield code="t">Potwin messenger</subfield><subfield code="w">(DLC)sn 83040506</subfield></datafield><datafield ind1="0" ind2="0" tag="785"><subfield code="t">Burns mirror</subfield><subfield code="w">(DLC)sn 85031047</subfield></datafield></record>